@article{Kon01,
  author = "Igor Kononenko",
  title = "Machine learning for medical diagnosis: history, state of the art and perspective",
  journal = "Artificial Intelligence in Medicine",
  volume = 23,
  pages = "89--109",
  year = 2001,
  annotate = "Describes the history of machine learning for medical diagnosis with an emphasis on Naive Bayes, neural networks, and decision trees. Emphasizes the need for ML algorithms in this domain to be able to handle noisy and missing data, rely on relatively few medical tests, and complement the role of physicians. Seven ML algorithms are evaluated on several criteria in general, as well as when applied to ischemic heart disease diagnosis."
}

@article{KKG+99,
  author = "Matjaz Kukar and Igor Kononenko and Ciril Groselj and Katarina Kralj and Jure Fettich",
  title = "Analysing and improving the diagnosis of ischaemic heart disease with machine learning",
  journal = "Artificial Intelligence in Medicine",
  pages = "25--50",
  year = 1999,
  annotate = "Collects data on ischemic heart disease consisting of signs and symptoms, ECG, and scintigraphy. Applies Naive Bayes, neural networks, k-nearest neighbors, and two decision tree algorithms, and compares these to clinicians' diagnoses. Naive Bayes has the best sensitivity (recall), whereas clinicians, followed by neural nets, have the highest specificity."
}

@inproceedings{GAD98,
  author = "H. Altay Guvenir and Burak Acar and Gülsen Demiröz and Ayhan Çekin",
  title = "A Supervised Machine Learning Algorithm for Arrhythmia Analysis",
  booktitle = "In: Proc. Computers in Cardiology Conference",
  pages = "433--436",
  year = 1998,
  annotate = "Presents a novel ML approach to diagnosing and classifying cardiac arrhythmia, called the VF15 algorithm. It uses a genetic algorithm to learn feature weights. Then, each feature 'votes' on a class prediction. The algorithm has a 62\% accuracy on this particular task and is found to outperform Naive Bayes."
}

@inproceedings{DG97,
  author = "Gulsen Demiroz and H. Altay Guvenir",
  title = "Classification by Voting Feature Intervals",
  booktitle = "Machine Learning: ECML-97, 9th European Conference on Machine Learning, Prague, Czech Republic, April 23-25, 1997, Proceedings",
  pages = "85--92",
  publisher = "Springer",
  year = 1997,
  annotate = "Provides a description of the VFI (Voting Feature Intervals) algorithm, on which VF15 is based."
}

@inproceedings{GMCL05,
  author = "Dayong Gao and Michael Madden and Des Chambers and Gerard Lyons",
  title = "Bayesian ANN Classifier for ECG Arrhythmia Diagnostic System: A Comparison Study",
  booktitle = "Proc. of Int. Joint Conf. on Neural Networks",
  year = 2005,
  annotate = "Compares various ML algorithms for arrhythmia diagnosis based on ECG data, with an emphasis on minimizing false positives and dealing with noisy data. Highlights need to improve on VF15's 62\% accuracy. Uses the UCI ML Repository Arrhythmia dataset. Evaluates a Bayesian artificial neural network classifier as compared to Naive Bayes, decision trees, logistic regression, and neural networks."
}


@article {Det89,
  author = "R Detrano",
  title = "International Application of a New Probability Algorithm for the Diagnosis of Coronary Artery Disease",
  journal = "American Journal of Cardiology",
  pages = "304--310",
  volume = "64",
  year = "1989",
  annotate = "Derives a model from the Cleveland Clinic heart disease data set (also available at UCI ML Repository) and compares it to the CADENZA Bayesian algorithm. Both models are found to overpredict heart disease, though this occurs more with CADENZA."
}

@inproceedings{DAlTH12,
  author = "Samarjit Das and Breogan Amoedo and F. De la Torre and Jessica Hodgins",
  title = "Detecting Parkinsons' symptoms in uncontrolled home environments: A multiple instance learning approach",
  booktitle = "Annual International Conference of the IEEE",
  pages = "3688--3691",
  year = 2012,
  annotate = "Describes a weakly supervised multiple instance learning approach to detecting symptoms of Parkinson's Disease. This approach addresses the issue of self-reporting resulting in inaccurate or incomplete labels."
}

@article{TLMR10,
  author = "Athanasios Tsanas and Max A. Little and Patrick E. McSharry and Lorraine O. Ramig",
  title = "Accurate Telemonitoring of Parkinson’s Disease Progression by Noninvasive Speech Tests",
  journal = "IEEE Transactions on Biomedical Engineering",
  volume = 57,
  number = "4",
  pages = "884--893",
  year = 2010,
  annotate = "Proposes monitoring Parkinson's disease using speech tests, due to vocal impairment being a common symptom and early indicator. The test results are passed through signal processing algorithms and a classification and regression tree to predict a rating on the unified PD rating scale."
}

@article{MS12,
  author = "Indrajit Mandal and N. Sairam",
  title = "Accurate telemonitoring of Parkinson's disease diagnosis using robust inference system",
  journal = "International Journal of Medical Informatics",
  year = 2012,
  annotate = "Provides an approach for Parkinson's disease diagnosis using speech tests. Applies logistic regression, Bayesian networks, neural networks, SVMs, AdaBoost, and ensemble methods."
}

@article{Moo01,
  author = "George B. Moody",
  title = "The impact of the MIT-BIH Arrhythmia Database",
  journal = "Engineering in Medicine and Biology Magazine, IEEE",
  volume = 20,
  number = "3",
  pages = "45--50",
  year = 2001,
  annotate = "Describes the MIT-BIH database which provides ECG recordings from 47 subjects. Also discusses other ECG databases including the AHA Database for Evaluation of Ventricular Arrhythmia Detectors and the European ST-T Database."
}

@TECHREPORT{Pla98,
    author = {John C. Platt},
    title = {Sequential Minimal Optimization: A Fast Algorithm for Training Support Vector Machines},
    institution = {Advances in Kernel Methods - Support Vector Learning},
    year = {1998},
  annotate = "Describes the SMO algorithm for faster training of SVMs."
}

@inproceedings{yap1996,
  title={An expert system for psychiatric diagnosis using the DSM-III-R, DSM-IV and ICD-10 classifications},
  author={R.H. Yap and D.M. Clarke},
  booktitle = {AMIA Annual Symposium Proceedings Archive},
  year={1996},
  annotate = "Describes a system for diagnosis of mental health disorders using constraint-based reasoning and user input."
}

@article{TK01,
  author = "S. Tong and D. Koller",
  title = "Support vector machine active learning with applications to text classification",
  journal = "Journal of Machine Learning Research",
  volume = 2,
  pages = "45--66",
  month = "November",
  year = 2001,
  annotate = "Describes a pool-based active learning model for SVMs which does not require a large set of labeled data. Applies this approach to a text classification problem."
}

@inproceedings{Joa98,
 author = {Joachims, Thorsten},
 title = {Text Categorization with Suport Vector Machines: Learning with Many Relevant Features},
 booktitle = {Proceedings of the 10th European Conference on Machine Learning},
 series = {ECML '98},
 year = {1998},
 isbn = {3-540-64417-2},
 pages = {137--142},
 numpages = {6},
 acmid = {649721},
 publisher = {Springer-Verlag},
 address = {London, UK, UK},
annotate = "Describes how SVMs work, explains why they are well-suited to text categorization, and applies them to a specific problem."
} 

@article{CF01,
    author = {Kumar Chellapila and David B. Fogel},
    title = {Evolving an Expert Checkers Playing Program Without Using Human Expertise},
    journal = {IEEE Transactions On Evolutionary Computation},
    year = {2001},
    volume = {5},
    pages = {422--428},
annotate = "Describes an evolutionary artificial neural network for evaluating checkers boards, used to train an expert player."
}

@article{Ros58,
  added-at = {2013-09-13T01:44:06.000+0200},
  author = {Rosenblatt, Frank},
  interhash = {dc0cef9dc06033a04f525efdcde7a660},
  intrahash = {afcce29c2471aaa8480d2c2159361e88},
  journal = {Psychological Review},
  keywords = {imported},
  number = 6,
  pages = {386-408},
  timestamp = {2013-09-13T01:44:06.000+0200},
  title = {The Perceptron: A Probabilistic Model for Information Storage and Organization in the Brain},
  volume = 65,
  year = 1958,
annotate = "Describes a single-layer perceptron model with a learning rule."
}

@book{MP69,
  added-at = {2009-10-23T10:49:34.000+0200},
  author = {Minsky, M. and Papert, S.},
  description = {phd thesis version 2009-10-23},
  id = {2381411},
  interhash = {9ad5b73f68093070d73e54312145eca2},
  intrahash = {4587aec0472c41d00c38bf3e888304ba},
  keywords = {imported},
  priority = {2},
  publisher = {Cambridge, MA: MIT Press},
  timestamp = {2009-10-23T10:49:34.000+0200},
  title = {Perceptrons},
  year = 1969,
annotate = "Describes the perceptron model and demonstrates its weaknesses, including its inability to implement non-linearly separable functions such as XOR."
}

@article{MP43,
  added-at = {2008-09-16T23:39:07.000+0200},
  author = {McCulloch, W. S. and Pitts, W.},
  description = {CCNLab BibTeX},
  interhash = {f9ac013a9ed96a36c8771b3a1ce71702},
  intrahash = {d6c807e181a4e6b9a6ae974c9922b477},
  journal = {Bulletin of Mathematical Biophysics},
  key = {McCulloch and Pitts},
  keywords = {nnets},
  pages = {115-133},
  timestamp = {2008-09-16T23:39:07.000+0200},
  title = {A logical calculus of the ideas immanent in nervous activity},
  volume = 5,
  year = 1943,
annotate = "Describes an early artificial neuron model, strongly based on biological neurons. The artificial neuron receives several weighted inputs and produces an output, based on a threshold."
}


@article{Pod12,
  author = {Podgorolec, V.},
  journal = {Electronics and Electrical Engineering},
  pages = {61-64},
  title = {Analyzing EEG signals with machine learning for diagnosing Alzheimer's disease},
  volume = 18,
  year = 2012,
annotate = "Uses a machine learning algorithm trained on EEG data to diagnose Alzheimer's disease."
}

@article{GJ70,
	author = {David Gil and Devadoss Johnson Manuel},
	title = {Diagnosing Parkinson by using Artificial Neural Networks and Support Vector Machines},
	journal = {Global Journal of Computer Science and Technology},
	volume = {9},
	number = {4},
	year = {2009},
	keywords = {},
       annotate = "Trained and tested on data from the UCI Machine Learning Repository Parkinson's Disease dataset. Used a multilayer neural network, and SVMs with linear and Pearson VII function kernels."
}

@inproceedings{FS95,
 author = {Freund, Yoav and Schapire, Robert E.},
 title = {A decision-theoretic generalization of on-line learning and an application to boosting},
 booktitle = {Proceedings of the Second European Conference on Computational Learning Theory},
 series = {EuroCOLT '95},
 year = {1995},
 isbn = {3-540-59119-2},
 pages = {23--37},
 numpages = {15},
 acmid = {712093},
 publisher = {Springer-Verlag},
 address = {London, UK, UK},
annotate = "The first introduction of AdaBoost, an ensemble learning algorithm that uses adaptive boosting."
} 

@article{SK84,
    author = {Spiegelhalter, Dj and Knilljones, Rp},
    issn = {0035-9238},
    journal = {Journal of the Royal Statistical Society, Series A: Statistics in Society},
    keywords = {lit1a, methods, riskscores},
    pages = {35--77},
    posted-at = {2012-01-13 12:57:56},
    priority = {2},
    publisher = {Blackwell Publishing},
    title = {Statistical and Knowledge-based Approaches to Clinical Decision-support. Systems, with an Application in Gastroenterology},
    volume = {147},
    year = {1984},
annotate = "Compares knowledge-based and statistical clinical decision support systems."
}

@book{Greenes2007,
    author = {Greens, Robert A.},
    citeulike-article-id = {10709492},
    keywords = {2012c2},
    posted-at = {2012-05-28 09:20:18},
    priority = {2},
    publisher = {Academic Press},
    title = {{Clinical Decision Support: The Road Ahead}},
    year = {2007},
annotate = "An overview of clinical decision support systems, and a discussion of challenges to their advancement."
}

@misc{Bache+Lichman:2013 ,
author = "K. Bache and M. Lichman",
year = "2013",
title = "{UCI} Machine Learning Repository",
url = "http://archive.ics.uci.edu/ml",
institution = "University of California, Irvine, School of Information and Computer Sciences",
annotate = "A repository of databases across a variety of domains."
}

@MISC{Little07exploitingnonlinear,
    author = {Max A Little and Patrick E Mcsharry and Stephen J Roberts and Declan Ae Costello and Irene M and Declan Ae Costello and Irene M Moroz},
    title = {Exploiting Nonlinear Recurrence and Fractal Scaling Properties for Voice Disorder Detection},
    year = {2007},
annotate="The original study which created the Parkinson's dataset and explained feature extraction for voice recordings."
}

@article{LittleMHSR09,
  added-at = {2012-06-21T00:00:00.000+0200},
  author = {Little, Max A. and McSharry, Patrick E. and Hunter, Eric J. and Spielman, Jennifer L. and Ramig, Lorraine O.},
  biburl = {http://www.bibsonomy.org/bibtex/2515de5fe6fdc025ef056e994186a9e6d/dblp},
  ee = {http://dx.doi.org/10.1109/TBME.2008.2005954},
  interhash = {5c6c8e1438f67088b4d98c204bdd551b},
  intrahash = {515de5fe6fdc025ef056e994186a9e6d},
  journal = {IEEE Trans. Biomed. Engineering},
  keywords = {dblp},
  number = 4,
  pages = {1015-1022},
  timestamp = {2012-06-21T00:00:00.000+0200},
  title = {Suitability of Dysphonia Measurements for Telemonitoring of Parkinson's Disease.},
  url = {http://dblp.uni-trier.de/db/journals/tbe/tbe56.html#LittleMHSR09},
  volume = 56,
  year = 2009,
annotation = "Describes how features were extracted when using a limited subset for analysis."
}

@article{pybrain,
	Author = {Schaul, Tom and Bayer, Justin and Wierstra, Daan and Sun, Yi and 
	          Felder, Martin and Sehnke, Frank and R{\"u}ckstie{\ss}, Thomas and Schmidhuber, J{\"u}rgen},
	Journal = {Journal of Machine Learning Research},
	Pages = {743--746},
	Title = {PyBrain},
	Volume = 11,
	Year = 2010,
annotate="A Python machine learning library, used for creating neural networks."}

@article{scikitlearn,
 title={Scikit-learn: Machine Learning in Python},
 author={Pedregosa, F. and Varoquaux, G. and Gramfort, A. and Michel, V.
         and Thirion, B. and Grisel, O. and Blondel, M. and Prettenhofer, P.
         and Weiss, R. and Dubourg, V. and Vanderplas, J. and Passos, A. and
         Cournapeau, D. and Brucher, M. and Perrot, M. and Duchesnay, E.},
 journal={Journal of Machine Learning Research},
 volume={12},
 pages={2825--2830},
 year={2011},
annotate = "A machine learning library for Python, used for ensemble learning."}
}

@article{svmlight,
 title={ Making large-Scale SVM Learning Practical. Advances in Kernel Methods - Support Vector Learning},
 author={T. Joachims},
 editors={ B. Schölkopf and C. Burges and A. Smola},
 journal={MIT-Press},
 year={1999},
annotate = "An SVM implementation in C."}
}
